<record><leader>00000cas a22000007a 4500</leader><controlfield tag="001">30685105</controlfield><controlfield tag="008">940629d1918192uncuwr ne      0    0eng d</controlfield><datafield ind1=" " ind2=" " tag="010"><subfield code="a">sn 94058227 </subfield></datafield><datafield ind1=" " ind2=" " tag="040"><subfield code="a">NVJ</subfield><subfield code="b">eng</subfield><subfield code="c">NVJ</subfield><subfield code="d">OCLCQ</subfield><subfield code="d">OCLCF</subfield><subfield code="d">OCLCO</subfield></datafield><datafield ind1="1" ind2=" " tag="029"><subfield code="a">AU@</subfield><subfield code="b">000011126547</subfield></datafield><datafield ind1=" " ind2=" " tag="042"><subfield code="a">msc</subfield></datafield><datafield ind1=" " ind2=" " tag="043"><subfield code="a">n-us-nc</subfield></datafield><datafield ind1="0" ind2="4" tag="245"><subfield code="a">The Johnstonian.</subfield></datafield><datafield ind1=" " ind2=" " tag="260"><subfield code="a">Selma, N.C. :</subfield><subfield code="b">Johnstonian Pub. Co.</subfield></datafield><datafield ind1=" " ind2=" " tag="300"><subfield code="a">v.</subfield></datafield><datafield ind1=" " ind2=" " tag="310"><subfield code="a">Weekly</subfield></datafield><datafield ind1="1" ind2=" " tag="362"><subfield code="a">Began in 1918.</subfield></datafield><datafield ind1=" " ind2=" " tag="588"><subfield code="a">Description based on: Vol. 2, no. 9 (Aug. 14, 1919).</subfield></datafield><datafield ind1=" " ind2="0" tag="651"><subfield code="a">Selma (N.C.)</subfield><subfield code="v">Newspapers.</subfield></datafield><datafield ind1=" " ind2="0" tag="651"><subfield code="a">Johnston County (N.C.)</subfield><subfield code="v">Newspapers.</subfield></datafield><datafield ind1=" " ind2="7" tag="655"><subfield code="a">Newspapers.</subfield><subfield code="2">fast</subfield><subfield code="0">(OCoLC)fst01423814</subfield></datafield><datafield ind1=" " ind2="7" tag="651"><subfield code="a">North Carolina</subfield><subfield code="z">Johnston County.</subfield><subfield code="2">fast</subfield><subfield code="0">(OCoLC)fst01208316</subfield></datafield><datafield ind1=" " ind2="7" tag="651"><subfield code="a">North Carolina</subfield><subfield code="z">Selma.</subfield><subfield code="2">fast</subfield><subfield code="0">(OCoLC)fst01226907</subfield></datafield><datafield ind1=" " ind2=" " tag="752"><subfield code="a">United States</subfield><subfield code="b">North Carolina</subfield><subfield code="c">Johnston</subfield><subfield code="d">Selma.</subfield></datafield><datafield ind1="0" ind2="7" tag="785"><subfield code="t">Johnston County sun (Selma, N.C.)</subfield></datafield><datafield ind1="0" ind2="7" tag="785"><subfield code="t">Johnstonian-sun</subfield><subfield code="w">(DLC)sn 94058228</subfield></datafield></record>